<record><leader>00000cas a22000007a 4500</leader><controlfield tag="001">22774947</controlfield><controlfield tag="008">901204d19801980ohuwr ne      0    0eng d</controlfield><datafield ind1=" " ind2=" " tag="010"><subfield code="a">sn 90068580 </subfield></datafield><datafield ind1=" " ind2=" " tag="040"><subfield code="a">ONP</subfield><subfield code="b">eng</subfield><subfield code="c">ONP</subfield><subfield code="d">OCLCQ</subfield></datafield><datafield ind1=" " ind2=" " tag="042"><subfield code="a">msc</subfield></datafield><datafield ind1="0" ind2="4" tag="245"><subfield code="a">The Fostoria morning star.</subfield></datafield><datafield ind1=" " ind2=" " tag="260"><subfield code="a">[Fostoria, Ohio] :</subfield><subfield code="b">Triple A Pub.,</subfield><subfield code="c">1980.</subfield></datafield><datafield ind1=" " ind2=" " tag="300"><subfield code="a">v.</subfield></datafield><datafield ind1=" " ind2=" " tag="310"><subfield code="a">Weekly</subfield></datafield><datafield ind1="0" ind2=" " tag="362"><subfield code="a">Vol. 1, no. 1 (Aug. 20, 1980)-v. 1, issue 11 (Nov. 6, 1980).</subfield></datafield><datafield ind1=" " ind2=" " tag="752"><subfield code="a">United States</subfield><subfield code="b">Ohio</subfield><subfield code="c">Seneca</subfield><subfield code="d">Fostoria.</subfield></datafield><datafield ind1="0" ind2="0" tag="785"><subfield code="t">Sunday morning star (Fostoria, Ohio)</subfield><subfield code="w">(DLC)sn 90068579</subfield></datafield></record>